@book{peikoff1993,
  title={Objectivism: The Philosophy of Ayn Rand},
  author={Peikoff, L.},
  isbn={9781101147542},
  series={Ayn Rand Library},
  url={https://books.google.com.br/books?id=G6DDlqNftGcC},
  year={1993},
  publisher={Penguin Publishing Group}
}